@article{martinsthesis,
  author    = {Martin Churchill and
               Jim Laird and
               Guy McCusker},
  title     = {Imperative Programs as Proofs via Game Semantics},
  journal   = {CoRR},
  volume    = {abs/1307.2004},
  year      = {2013},
  url       = {http://arxiv.org/abs/1307.2004},
  timestamp = {Thu, 15 Aug 2013 15:30:55 +0200},
  biburl    = {http://dblp.uni-trier.de/rec/bib/journals/corr/ChurchillLM13},
  bibsource = {dblp computer science bibliography, http://dblp.org}
}

@inproceedings{laird02,
author = "J. Laird",
title = "A Categorical Semantics of Higher-Order Store",
booktitle = "Proceedings of CTCS '02",
publisher = "Elsevier",
series = "ENTCS",
number = 69,
year = 2002}

@article{abramskyjagadeesangames,
  author    = {Samson Abramsky and
               Radha Jagadeesan},
  title     = {Games and Full Completeness for Multiplicative Linear Logic},
  journal   = {CoRR},
  volume    = {abs/1311.6057},
  year      = {2013},
  url       = {http://arxiv.org/abs/1311.6057},
  timestamp = {Tue, 03 Dec 2013 15:04:23 +0100},
  biburl    = {http://dblp.uni-trier.de/rec/bib/journals/corr/AbramskyJ13},
  bibsource = {dblp computer science bibliography, http://dblp.org}
}


@article{hyland1997games,
  title={Game semantics},
  author={Hyland, Martin},
  journal={Semantics and logics of computation},
  volume={14},
  pages={131},
  year={1997},
  publisher={Cambridge University Press}
}
